<record><leader>00000cas a22000007  4500</leader><controlfield tag="001">9547681</controlfield><controlfield tag="008">830526d19481949meuwr ne      0    0eng d</controlfield><datafield ind1=" " ind2=" " tag="010"><subfield code="a">sn 83045509 </subfield></datafield><datafield ind1=" " ind2=" " tag="040"><subfield code="a">CRL</subfield><subfield code="b">eng</subfield><subfield code="c">CRL</subfield><subfield code="d">NPW</subfield><subfield code="d">MBN</subfield><subfield code="d">OCLCQ</subfield><subfield code="d">OCLCF</subfield><subfield code="d">OCLCO</subfield></datafield><datafield ind1="1" ind2=" " tag="029"><subfield code="a">AU@</subfield><subfield code="b">000025814844</subfield></datafield><datafield ind1=" " ind2=" " tag="042"><subfield code="a">msc</subfield></datafield><datafield ind1="0" ind2="0" tag="245"><subfield code="a">Dow thunderjet.</subfield></datafield><datafield ind1="1" ind2="3" tag="246"><subfield code="a">Thunderjet</subfield><subfield code="f">Jan. 12-Sept. 26, 1949</subfield></datafield><datafield ind1=" " ind2=" " tag="260"><subfield code="a">Bangor, Me. :</subfield><subfield code="b">Dow Air Force Base,</subfield></datafield><datafield ind1=" " ind2=" " tag="300"><subfield code="a">2 v.</subfield><subfield code="b">ill.</subfield></datafield><datafield ind1=" " ind2=" " tag="310"><subfield code="a">Weekly</subfield></datafield><datafield ind1="0" ind2=" " tag="362"><subfield code="a">Vol. 1, no. 1 (Jan. 30, 1948)-v. 1, no. 36 (Sept. 26, 1949).</subfield></datafield><datafield ind1=" " ind2=" " tag="500"><subfield code="a">Published by and for the personnel of Dow Air Force Base.</subfield></datafield><datafield ind1=" " ind2=" " tag="500"><subfield code="a">Published in Old Town, Me., Jan. 12-Sept. 26, 1949.</subfield></datafield><datafield ind1=" " ind2=" " tag="500"><subfield code="a">Published as: The thunderjet, Jan. 12-Sept. 26, 1949.</subfield></datafield><datafield ind1=" " ind2=" " tag="500"><subfield code="a">Official newspaper for the 14th fighterwing, Dow Air Force Base.</subfield></datafield><datafield ind1=" " ind2=" " tag="530"><subfield code="a">Available on microfilm.</subfield></datafield><datafield ind1=" " ind2="0" tag="651"><subfield code="a">Bangor (Me.)</subfield><subfield code="v">Newspapers.</subfield></datafield><datafield ind1=" " ind2="7" tag="655"><subfield code="a">Newspapers.</subfield><subfield code="2">fast</subfield><subfield code="0">(OCoLC)fst01423814</subfield></datafield><datafield ind1=" " ind2="7" tag="651"><subfield code="a">Maine</subfield><subfield code="z">Bangor.</subfield><subfield code="2">fast</subfield><subfield code="0">(OCoLC)fst01207512</subfield></datafield><datafield ind1=" " ind2=" " tag="752"><subfield code="a">United States</subfield><subfield code="b">Maine</subfield><subfield code="c">Penobscot</subfield><subfield code="d">Bangor.</subfield></datafield></record>